@article{hardisty2011geoviz,
author = {Hardisty, Frank and Robinson, Anthony C},
journal = {International Journal of Geographical Information Science},
number = {2},
pages = {191--210},
publisher = {Taylor {\&} Francis},
title = {{The geoviz toolkit: using component-oriented coordination methods for geographic visualization and analysis}},
volume = {25},
year = {2011}
}
